@book{ita3ed,
    title={Introduction to Algorithms 3rd Edition},
    author={Cormen, Thomas H. and Leiserson, Charles E. and Rivest, Ronald L. and Stein, Clifford},
    year={2009},
    address={Cambridge, Massachusetts},
    publisher={The MIT Press}
}

@book{dmia6ed,
    title={Discrete Mathematics and Its Applications, Sixth Edition},
    author={Ronsen, Kenneth H.},
    year={2007},
    address={Singapore},
    publisher={McGraw-Hill}
}

@book{igt2ed,
    title={Introduction to Graph Theory Second Edition},
    author={West, Douglas B.},
    year={2002},
    publisher={Prentice Hall},
    address={Upper Saddle River},
    isbn={0130144002}
}